@inproceedings{MPXochicale:2006,
  author = {M. A. Perez-Xochicale and G. Jovanovic-Dolecek},
  title = {A New Method for Design Narrow Band Lowpass FIR Filters Using a Scale Function},
  booktitle = {2nd International Conference on Electronic Design},
  year = {2006},
  github = {https://github.com/}
}
