@inproceedings{GJovanovicDolecek_MPXochicale:2006,
  author = {G. Jovanovic-Dolecek and M. A. Perez-Xochicale},
  title = {One Method for Design of Wide-band FIR Filters Without Multipliers},
  booktitle = {16th International Conference on Electronics, Communications and Computers},
  year = {2006},
  github = {https://github.com/vispy/vispy}
}
