@conference{PerDis16,
  author       = {M. P. Xochicale and C. Baber and M. Oussalah },
  title        = {\textit{Understanding Movement Variability of Simplistic Gestures Using an Inertial Sensor}},
  note         = {The Fifth ACM International Symposium on Pervasive Displays},
  month =   {June},
  year = {2016},
  address =      {Oulu, Finland}
}
