@techreport{MPXochicale:2003,
    author    = "Miguel P. Xochicale",
    title     = "Speed control in LabVIEW for a two-degrees-of-freedom Robot",
    institution = "Instituto Tecnol/'ogico de Puebla",
    %type     = "",
    %number   = "",
    %address  = "",
    year      = "2003",
    month    = "May",
    %note     = "",
}
