@mastersthesis{MPXochicale:2006,
    author    = "Miguel P. Xochicale",
    title     = "Design of digital filters with fewer multipliers",
    school    = "Instituto Nacional de Astrof/'i'sica, /'O'ptica y Electr/'onica.",
    %type     = "diploma thesis",
    %address  = "",
    year      = "2006",
    month    = "September",
    %note     = "",
}
