@article{Comotti2014,
author = {Comotti, Daniele and Galizzi, Michael and Vitali, Andrea},
doi = {10.1109/ISISS.2014.6782521},
isbn = {978-1-4799-0916-2},
journal = {1st IEEE International Symposium on Inertial Sensors and Systems},
mendeley-groups = {human{\_}motion/InertialSensors},
pages = {1--4},
title = {{NeMEMSi: One step forward in wireless attitude and heading reference systems}},
year = {2014}
}


@article{Gibson1992,
title = "An analytic approach to practical state space reconstruction",
author = "John F. Gibson and J. Doyne Farmer and Martin Casdagli and Stephen Eubank",
journal = "Physica D: Nonlinear Phenomena",
volume = "57",
number = "1",
pages = "1 - 30",
year = "1992",
note = "",
issn = "0167-2789",
doi = "http://dx.doi.org/10.1016/0167-2789(92)90085-2",
url = "http://www.sciencedirect.com/science/article/pii/0167278992900852"
}


@article{Gorer2016,
author = {G{\"{o}}rer, Binnur and Salah, Albert Ali and Akin, H. Levent},
doi = {10.1007/s10514-016-9598-5},
issn = {0929-5593},
journal = {Autonomous Robots},
keywords = {Elderly-robot interaction,Gerontechnology,Gesture,Imitation,Robotic exercise tutor,elderly-robot interac-,gerontechnology,gesture,imitation,robotic exercise tutor,tion},
mendeley-groups = {hri/NAO},
number = {July},
publisher = {Springer US},
title = {{An autonomous robotic exercise tutor for elderly people}},
url = {http://link.springer.com/10.1007/s10514-016-9598-5},
year = {2016}
}


@inproceedings{Guneysu2015,
author = {Guneysu, Arzu and Arnrich, Bert},
booktitle = {9th IEEE International Conference on Pervasive Computing Technologies for Healthcare},
doi = {http://eudl.eu/doi/10.4108/icst.pervasivehealth.2015.259273},
keywords = {human robot interaction,rehabilitation,wearable sensors},
mendeley-groups = {hri/NAO},
pages = {7--10},
publisher = {},
title = {{Children's Rehabilitation with Humanoid Robots and Wearable Inertial Measurement Units}},
year = {2015}
}
