@inproceedings{MPXochicale:2006,
  author = {M. A. Perez-Xochicale and G. Jovanovic-Dolecek},
  title = {One Method for Design of Wide-band FIR Filters using Frequency Masking Method with Rounding and Sharpening},
  booktitle = {XXVIII INTERNATIONAL CONGRESS OF ELECTRONIC ENGINEERING},
  year = {2006},
  github = {https://github.com/}
}
